<record><leader>00000cas a2200000 a 4500</leader><controlfield tag="001">9328713</controlfield><controlfield tag="008">830321d18811895iludr ne      0   c0eng  </controlfield><datafield ind1=" " ind2=" " tag="010"><subfield code="a">sn 82016434 </subfield><subfield code="z">sn 82015410 </subfield></datafield><datafield ind1=" " ind2=" " tag="040"><subfield code="a">DLC</subfield><subfield code="b">eng</subfield><subfield code="c">DLC</subfield><subfield code="d">NPW</subfield><subfield code="d">NPV</subfield><subfield code="d">DLC</subfield><subfield code="d">NPY</subfield><subfield code="d">NPT</subfield><subfield code="d">NPV</subfield><subfield code="d">NPW</subfield><subfield code="d">DLC</subfield><subfield code="d">NVF</subfield><subfield code="d">YOX</subfield><subfield code="d">NVF</subfield><subfield code="d">OCL</subfield><subfield code="d">NVF</subfield><subfield code="d">CNK</subfield><subfield code="d">NVF</subfield><subfield code="d">CVF</subfield><subfield code="d">OCLCQ</subfield><subfield code="d">CVF</subfield><subfield code="d">NVF</subfield><subfield code="d">DLC</subfield><subfield code="d">KRTAS</subfield><subfield code="d">CUI</subfield><subfield code="d">CRL</subfield><subfield code="d">DLC</subfield><subfield code="d">CRL</subfield><subfield code="d">OCLCQ</subfield><subfield code="d">OCLCF</subfield><subfield code="d">NVF</subfield><subfield code="d">OCLCO</subfield></datafield><datafield ind1=" " ind2=" " tag="019"><subfield code="a">8807778</subfield></datafield><datafield ind1="1" ind2=" " tag="029"><subfield code="a">AU@</subfield><subfield code="b">000025784040</subfield></datafield><datafield ind1=" " ind2=" " tag="042"><subfield code="a">pcc</subfield></datafield><datafield ind1=" " ind2=" " tag="043"><subfield code="a">n-us-il</subfield></datafield><datafield ind1="0" ind2="0" tag="050"><subfield code="a">Newspaper</subfield></datafield><datafield ind1=" " ind2="4" tag="050"><subfield code="a">AN</subfield></datafield><datafield ind1="0" ind2=" " tag="130"><subfield code="a">Chicago herald (Chicago, Ill. : 1881)</subfield></datafield><datafield ind1="1" ind2="4" tag="245"><subfield code="a">The Chicago herald.</subfield></datafield><datafield ind1="1" ind2=" " tag="246"><subfield code="i">Published on Sundays as:</subfield><subfield code="a">Chicago Sunday herald</subfield><subfield code="f">Oct. 16, 1881-Sept. 3, 1882</subfield></datafield><datafield ind1="1" ind2=" " tag="246"><subfield code="i">Published on Sundays as:</subfield><subfield code="a">Sunday herald</subfield><subfield code="f">Sept. 10, 1882-1895</subfield></datafield><datafield ind1=" " ind2=" " tag="260"><subfield code="a">Chicago, Ill. :</subfield><subfield code="b">[s.n.],</subfield><subfield code="c">1881-1895.</subfield></datafield><datafield ind1=" " ind2=" " tag="300"><subfield code="a">v.</subfield></datafield><datafield ind1=" " ind2=" " tag="310"><subfield code="a">Daily,</subfield><subfield code="b">Oct. 16, 1881-Mar. 3, 1895</subfield></datafield><datafield ind1=" " ind2=" " tag="321"><subfield code="a">Daily (except Sunday),</subfield><subfield code="b">Oct. 5-15, 1881</subfield></datafield><datafield ind1="0" ind2=" " tag="362"><subfield code="a">No. 1174 (Oct. 5, 1881)- ; -14th year, no. 298 (Mar. 3, 1895).</subfield></datafield><datafield ind1=" " ind2=" " tag="515"><subfield code="a">Continues the numbering of Chicago morning herald (Chicago, Ill. : 1881).</subfield></datafield><datafield ind1=" " ind2=" " tag="515"><subfield code="a">Sunday issues have separate numbering system, Oct. 16, 1881-Mar. 3, 1895.</subfield></datafield><datafield ind1=" " ind2=" " tag="515"><subfield code="a">Issue for 2nd year (Nov. 25, 1882) is numbered and dated 102nd year, no. 38,031 (Nov. 25, 1982), issue for 5th year (Sept. 26, 1885) is numbered and dated 105th year (Sept. 26, 1985) and issue for 12th year (May 1, 1893) is numbered and dated 112th year, no. 357 (May 1, 1993) in commemoration of the future "Centennial of the Columbian exposition", and is printed on red, white and blue paper.</subfield></datafield><datafield ind1=" " ind2=" " tag="530"><subfield code="a">Available on microfilm;</subfield><subfield code="b">Illinois State Historical Library; Library of Congress Photoduplication Service.</subfield></datafield><datafield ind1=" " ind2=" " tag="580"><subfield code="a">Weekly ed.: Chicago weekly herald, 1881-&lt;1888&gt;</subfield></datafield><datafield ind1=" " ind2=" " tag="580"><subfield code="a">Merged with: Times (Chicago, Ill. : 1894), to form: Chicago times-herald.</subfield></datafield><datafield ind1=" " ind2="0" tag="651"><subfield code="a">Chicago (Ill.)</subfield><subfield code="v">Newspapers.</subfield></datafield><datafield ind1=" " ind2="0" tag="651"><subfield code="a">Cook County (Ill.)</subfield><subfield code="v">Newspapers.</subfield></datafield><datafield ind1=" " ind2="7" tag="651"><subfield code="a">Illinois</subfield><subfield code="z">Chicago.</subfield><subfield code="2">fast</subfield><subfield code="0">(OCoLC)fst01204048</subfield></datafield><datafield ind1=" " ind2="7" tag="651"><subfield code="a">Illinois</subfield><subfield code="z">Cook County.</subfield><subfield code="2">fast</subfield><subfield code="0">(OCoLC)fst01205334</subfield></datafield><datafield ind1=" " ind2="7" tag="655"><subfield code="a">Newspapers.</subfield><subfield code="2">fast</subfield><subfield code="0">(OCoLC)fst01423814</subfield></datafield><datafield ind1=" " ind2=" " tag="752"><subfield code="a">United States</subfield><subfield code="b">Illinois</subfield><subfield code="c">Cook</subfield><subfield code="d">Chicago.</subfield></datafield><datafield ind1="1" ind2=" " tag="775"><subfield code="t">Chicago weekly herald</subfield><subfield code="w">(DLC)sn 87056730</subfield><subfield code="w">(OCoLC)17164305</subfield></datafield><datafield ind1="0" ind2="8" tag="776"><subfield code="i">Online version:</subfield><subfield code="t">Chicago herald (Chicago, Ill. : 1881 : Online)</subfield><subfield code="w">(OCoLC)603705113</subfield></datafield><datafield ind1="0" ind2="0" tag="780"><subfield code="t">Chicago morning herald (Chicago, Ill. : 1881)</subfield><subfield code="w">(DLC)sn 82006831</subfield><subfield code="w">(OCoLC)8793212</subfield></datafield><datafield ind1="1" ind2="7" tag="785"><subfield code="t">Times (Chicago, Ill. : 1894)</subfield><subfield code="w">(DLC)sn 84037011</subfield><subfield code="w">(OCoLC)10575253</subfield></datafield><datafield ind1="1" ind2="7" tag="785"><subfield code="t">Chicago times-herald</subfield><subfield code="w">(DLC)sn 83045738</subfield><subfield code="w">(OCoLC)9607034</subfield></datafield><datafield ind1=" " ind2=" " tag="938"><subfield code="a">Kirtas Technologies, Inc.</subfield><subfield code="b">KRTS</subfield><subfield code="n">736295</subfield></datafield></record>